@article{Liakata2012,
title={Automatic recognition of conceptualisation zones in scientific articles and two life science applications},
author={Liakata, M. and Saha, S. and Dobnik, S. and Batchelor, C. and Rebholz-Schuhmann, D.},
journal={Bioinformatics},
year={2012},
volume={28(7)},
pages={991--1000}
}

@article{Breiman2001, 
author={Breiman, L.},
year={2001},
title={Random Forests},
journal={Machine Learning}, 
volume={45(1)},
pages={5--32}
}

@article{Curk2005,
  author = {Toma{\v{z}} Curk and Janez Dem{\v{s}}ar and Qikai Xu and Gregor Leban and
    Uro{\v{s}} Petrovi{\v{c}} and Ivan Bratko and Gad Shaulsky and Bla{\v{z}} Zupan},
  title = {Microarray data mining with visual programming},
  journal = {Bioinformatics},
  volume = {21(3)},
  year = {2005},
  pages = {396--398}}
}