%Bibliography for Outline Project Specification

@misc{ svm_analysis_kessler,
  title={Support Vector Machines and Kernel Methods in Sentiment Analysis},
  author = {Wiltrud Kessler},
  howpublished={\url{http://www.ims.uni-stuttgart.de/~kesslewd/lehre/sentimentanalysis11s/sentiment_svm_kernels.pdf}},
  year={2011},
  note = {Accessed: 14/10/2012},
  annote={This presentation discusses the use of Support Vector Machine learning 
    techniques for machine learning. I was referred to this presentation as a
      potential mechanism for classification of papers}
}

@article{filliatre2007formal,
  title={Formal proof of a program: Find},
  author={Filli{\^a}tre, Jean-Christophe},
  journal={Science of Computer Programming},
  volume={64},
  number={3},
  pages={332--340},
  year={2007},
  publisher={Elsevier}
}

@misc{seleniumide,
    title={Selenium IDE},
    howpublished={\url{http://docs.seleniumhq.org/projects/ide/}},
    note={Accessed: 18/03/2013}
}

@misc{uuidmodule,
    title={UUID objects according to RFC 4122},
    howpublished={\url{http://docs.python.org/2/library/uuid.html}},
    note={Accessed: 21/03/2013}
}

@misc{rfc4122,
    title={A Universally Unique IDentifier (UUID) URN Namespace},
    author={P. Leach and Microsoft and M. Mealling and Refactored Networks LLC
    and R. Salz and {DataPower Technology Inc.}},
    howpublished={http://tools.ietf.org/html/rfc4122.html},
    note={Accessed: 21/03/2013}
}

@inproceedings{saff2004mock,
  title={Mock object creation for test factoring},
  author={Saff, David and Ernst, Michael D},
  booktitle={Proceedings of the 5th ACM SIGPLAN-SIGSOFT workshop on Program analysis for software tools and engineering},
  pages={49--51},
  year={2004},
  organization={ACM}
}


@inproceedings{hutchins2004first,
  title={The first public demonstration of machine translation: the Georgetown-IBM system, 7th January 1954},
  author={Hutchins, J.},
  booktitle={AMTA conference},
  year={2004},
  annote={One of the first examples of NLP techniques for automated machine
  translation.}
}

@article{rao2010natural,
  title={Natural language query Processing using semantic Grammar},
  author={Rao, G. and Agarwal, C. and Chaudhry, S. and Kulkarni, N. and Patil, SH},
  journal={International Journal on Computer Science and Engineering},
  volume={2},
  number={2},
  pages={219--223},
  year={2010},
  annote={This paper's background discusses LIFER/LADDER as natural language
  interface techniques for a database system}
}

@article{Alfonsi2006,
  title={{``Sassy" Chatbot Wins with Wit}},
  author={Benjamin Alfonsi},
  booktitle={{IEEE Intelligent Systems Magazine}},
  publisher={{IEEE}},
  year={2006},
  month={January},
  pages={6-7},
  annote={Description of a chatbot that used NLP to win a bronze prize for
  being human-like.}
}


@book{goldacre2008bad,
  title={Bad Science},
  author={Goldacre, B.},
  isbn={9780007283194},
  url={http://books.google.co.uk/books?id=Gv1NQubrGNIC},
  year={2008},
  publisher={HarperCollins Publishers},
  annote={Goldacre explains some bad practices in science and the sheer volume
  of papers medical professionals are expected to read.}
}


@misc{mallet2002,
  author={McCallum, Andrew Kachites},
  title={MALLET: A Machine Learning for Language Toolkit},
  howpublished={\url{http://mallet.cs.umass.edu}},
  year={2002},
  annote={{An NLP toolkit written for Java, deemed to be overcomplicated and underdocumented}}
}

@misc{britton2008,
  title={Choosing a Programming Language},
  author={Britton, C},
  year={2008},
  howpublished={\url{http://msdn.microsoft.com/en-us/library/cc168615.aspx}},
  annote={Brief paper discussing how to choose a programming language successfully}
}

@book{prinz2002c,
  title={C pocket reference},
  author={Prinz, P. and Prinz, U.},
  year={2002},
  publisher={O'Reilly Media, Incorporated},
  annote={A pocket reference guide to the C programming language, introduction discusses why C is popular}
}

@misc{Coffey2008,
  title={Java for C Programmers},
  author={Coffey, N},
  year={2008},
  howpublished={\url{http://www.javamex.com/tutorials/how_to/java_for_c_programmers.shtml} retrieved on 13/11/2012},
  annote={Provides some notes on the differences between C and Java}
}

@book{gosling2000java,
  title={The Java language specification},
  author={Gosling, J.},
  year={2000},
  publisher={Prentice Hall}
}

@article{ritchie1978c,
  title={The C programming language},
  author={Ritchie, D.M. and Johnson, SC and Lesk, ME and Kernighan, BW},
  journal={Bell Sys. Tech. J},
  volume={57},
  pages={1991--2019},
  year={1978},
  annote={The original specification for the C Programming language describes the motivation behind C}
}


@book{cunningham2011text,
  title={Text processing with gate},
  author={Cunningham, H. and Maynard, D. and Bontcheva, K.},
  year={2011},
  publisher={Gateway Press CA},
  annote={Another NLP toolkit for java. This one seems very complex compared to NLTK}
}

@misc{django2012,
  title={Django Documentation},
  author={{Django Software Foundation}},
  year={2012},
  month={October},
  howpublished={\url{http://media.readthedocs.org/pdf/django/1.4.X/django.pdf} Retrieved on 12/11/2012},
  annote={A brief manual explaining Django web toolkit}
}

@misc{flask2012,
  title={Flask Documentation},
  author={Armin Ronacher},
  year={2012},
  month={October},
  howpublished={\url{http://flask.pocoo.org/docs/} Retrieved on 13/11/2012},
  annote={Manual for the Flask microframework with brief forward on the author's motivation}
}

@article{curk05,
  author = {Tomaž Curk and Janez Demšar and Qikai Xu and Gregor Leban and
    Uroš Petrovič and Ivan Bratko and Gad Shaulsky and Blaž Zupan},
  title = {Microarray data mining with visual programming},
  journal = {Bioinformatics},
  volume = {21},
  issue = {3},
  month = feb,
  year = {2005},
  issn = {1367-4803},
  pages = {396--398},
  numpages = {3},
  url = {http://bioinformatics.oxfordjournals.org/content/21/3/396.full.pdf},
  publisher = {Oxford University Press},
  address = {Oxford, UK},
}

@misc{mock2013,
    title={unittest.mock — mock object library},
    author={{Python Software Foundation}},
    year={2013},
    note={{Retrieved on 15/03/2013}}
}

@misc{linux2013,
    title={The Linux Kernel Archives},
    howpublished={\url{https://www.kernel.org/}},
    year={2013},
    note={{Retrieved on 18/03/2013}}
}

@misc{unity2013,
    title={Unity: release early, release often… release daily! (part 1)},
    author={Didier Roche},
    year={2013},
    howpublished={\url{http://blog.didrocks.fr/post/Unity%3A-release-early%2C-release-often%E2%80%A6-release-daily!}}
}

@misc{softlybug2013,
    title={Query "in any" doesn't seem to filter results},
    howpublished={\url{https://github.com/ravenscroftj/partridge/issues/18}},
    note={Retrieved on 18/03/2013}
}

@misc{browserstats2013,
    title={Browser Statistics},
    howpublished={\url{http://www.w3schools.com/browsers/browsers_stats.asp}},
    note={Retrieved on 18/03/2013}
}

@misc{ie6death,
    title={Internet Explorer 6 Countdown},
    howpublished={\url{http://www.ie6countdown.com/}},
    note={Retrieved on 18/03/2013}
}


@article{raymond1999cathedral,
  title={The cathedral and the bazaar},
  author={Raymond, Eric},
  journal={Knowledge, Technology \& Policy},
  volume={12},
  number={3},
  pages={23--49},
  year={1999},
  publisher={Springer}
}

@INPROCEEDINGS{An93pythonfor,
    author = {Ss Um An and Guido Van Rossum},
    title = {Python for Unix/C Programmers Copyright 1993 Guido van Rossum 1},
    booktitle = {Proc. of the NLUUG najaarsconferentie. Dutch UNIX users group},
    year = {1993},
    annote={Paper by the creator of python discussing differences between C and
    Python}
}

@book{bird2009natural,
  title={Natural Language Processing with Python},
  author={Bird, S. and Klein, E. and Loper, E.},
  isbn={9780596516499},
  lccn={2010455716},
  series={Oreilly Series},
  url={http://books.google.co.uk/books?id=KGIbfiiP1i4C},
  year={2009},
  publisher={O'Reilly Media, Incorporated},
  annote={This book provides an interesting preface on NLP and some reference for the NLTK python library}
}

@book{alpaydin2004introduction,
  title={Introduction To Machine Learning},
  author={Alpaydin, E.},
  isbn={9780262012119},
  lccn={2004109627},
  series={Adaptive Computation and Machine Learning Series},
  url={http://books.google.co.uk/books?id=1k0\_-WroiqEC},
  year={2004},
  publisher={Mit Press}
}

@misc{ccbyattr,
    title={Creative Commons By Attribution License},
    howpublished={\url{http://creativecommons.org/licenses/by/2.5/}},
    note={{Retrieved on 28/2/2013}}

}

@book{witten2005data,
  title={Data Mining: Practical machine learning tools and techniques},
  author={Witten, Ian H and Frank, Eibe},
  year={2005},
  publisher={Morgan Kaufmann}
}

@book{russell2010artificial,
  title={Artificial Intelligence: A Modern Approach},
  author={Russell, S.J. and Norvig, S.R.P.},
  isbn={9780136042594},
  lccn={2011288031},
  series={Prentice Hall Series in Artificial Intelligence},
  url={http://books.google.co.uk/books?id=8jZBksh-bUMC},
  year={2010},
  publisher={Prentice Hall},
  annote={Provided some general background in AI as well as a lot of information about machine 
  learning techniques to be used as a backend for Partridge's NLP system.}
}

@article{turing1950computing,
  title={Computing machinery and intelligence},
  author={Turing, A.M.},
  journal={Mind},
  volume={59},
  number={236},
  pages={433--460},
  year={1950},
  publisher={JSTOR},
  annote={This is one of the first papers to discuss artificial 
  intelligence and provides a link between natural language processing and AI}
}

@book{dale2000handbook,
  title={Handbook of Natural Language Processing},
  author={Dale, R. and Moisl, H. and Somers, H.L.},
  isbn={9780824790004},
  lccn={00031597},
  url={http://books.google.co.uk/books?id=VoOLvxyX0BUC},
  year={2000},
  publisher={Marcel Dekker},
  annote={Provided some good background information on NLP and an interesting preface on modern AI capabilities}
}


@article{soldatova2007ontology,
  title={An ontology methodology and cisp-the proposed core information about scientific papers},
  author={Soldatova, L. and Liakata, M.},
  journal={JISC Project Report},
  year={2007},
  annote={In this paper, the CISP ontology is formalised and suggested as a way
  of providing better metadata for papers}
}

@article{liakata2008guidelines,
  title={Guidelines for the annotation of general scientific concepts},
  author={Liakata, M. and Soldatova, LN},
  journal={Aberystwyth University, JISC Project Report http://ie-repository. jisc. ac. uk/88},
  year={2008},
  annote={This paper provides a set of guidelines on how to use CoreSC and CISP
  to annotate scientific documents.}
}


@article{harnad2004comparing,
  title={Comparing the impact of open access (OA) vs. non-OA articles in the same journals},
  author={Harnad, S. and Brody, T.},
  journal={D-lib Magazine},
  volume={10},
  number={6},
  year={2004},
  annote={This paper observed that the popularity of Open Access articles is
    growing year by year - and so is awareness and visibility of OA.}
}


@article{Berghel1997,
  address = {New York, NY, USA},
  author = {Berghel, Hal},
  citeulike-article-id = {3374476},
  citeulike-linkout-0 =  {http://portal.acm.org/citation.cfm?id=253671.253680},
  citeulike-linkout-1 =  {http://dx.doi.org/10.1145/253671.253680},
  doi = {10.1145/253671.253680},
  issn = {0001-0782},
  journal = {Commun. ACM},
  keywords = {information, overload},
  month = {February},
  number = {2},
  pages = {19--24},
  posted-at = {2012-11-10 12:31:07},
  priority = {0},
  publisher = {ACM},
  title =  {{Cyberspace 2000: Dealing With Information Overload}},
  url =  {http://dx.doi.org/10.1145/253671.253680},
  volume = {40},
  year = {1997},
  annote={Paper presented in the ACM explaining 'information overload' and a
    summary of the shortfalls of modern search engines in information retrieval.}
}


@misc{bjork2009,
  author={Bj\"{o}rk, B-C. and Roos, A. and Lauri, M. },
  year=2009,
  howpublished={\url{http://InformationR.net/ir/14-1/paper391.html]}},
  title={{Scientific journal publishing: yearly volume and open access
    availability}},
  booktitle={{Information Research}},
  annote={This paper provided some insight into the growing area of online
    paper publishing and provided some figures on how many papers are published
      annually (or were in 2006).}
}

@misc{Suber2012,
  author={Suber, P},
  year={2012},
  month={October},
  title={{Open Access Overview}},
  howpublished={\url{http://www.earlham.edu/~peters/fos/overview.htm} retrieved on 11/11/2012},
  annote={This article gives a brief overview of Open Access publishing, what
    its about and how it works.}
}


@inproceedings{rupp2006flexible,
  title={Flexible interfaces in the application of language technology to an eScience corpus},
  author={Rupp, CJ and Copestake, Ann and Teufel, Simone and Waldron, Ben},
  booktitle={Proceedings of the UK e-Science Programme All Hands Meeting},
  year={2006},
  organization={Citeseer}
}

@misc{pubmedDTD,
    title={},
    howpublished={\url{http://www.ncbi.nlm.nih.gov/pmc/pmcdoc/tagging-guidelines/article/genprac.html}},
    note={Retrieved 19/03/2013}
}

@InProceedings{LIAKATA10.644,
  author = {Maria Liakata and Simone Teufel and Advaith Siddharthan and Colin Batchelor},
  title = {Corpora for the Conceptualisation and Zoning of Scientific Papers},
  booktitle = {Proceedings of the Seventh International Conference on Language Resources and Evaluation (LREC'10)},
  year = {2010},
  month = {may},
  date = {19-21},
  address = {Valletta, Malta},
  editor = {Nicoletta Calzolari (Conference Chair) and Khalid Choukri and Bente Maegaard and Joseph Mariani and Jan Odijk and Stelios Piperidis and Mike Rosner and Daniel Tapias},
  publisher = {European Language Resources Association (ELRA)},
  isbn = {2-9517408-6-7},
  language = {english},
  annote={Paper that presents the CoreSC annotation schema based on previous
  CISP work}}
 } 

@article{citeulike:11077287,
  author = {Liakata, Maria and Kim, Jee-Hyub H. and Saha, Shyamasree and Hastings, Janna and Rebholz-Schuhmann, Dietrich},
  citeulike-article-id = {11077287},
  citeulike-linkout-0 = {http://dx.doi.org/10.4137/BII.S8967},
  citeulike-linkout-1 = {http://www.ncbi.nlm.nih.gov/pmc/articles/PMC3409474/},
  citeulike-linkout-2 = {http://view.ncbi.nlm.nih.gov/pubmed/22879774},
  citeulike-linkout-3 = {http://www.hubmed.org/display.cgi?uids=22879774},
  doi = {10.4137/BII.S8967},
  issn = {1178-2226},
  journal = {Biomedical informatics insights},
  keywords = {staffpaper},
  number = {Suppl. 1},
  pages = {175--184},
  pmcid = {PMC3409474},
  pmid = {22879774},
  posted-at = {2012-10-15 11:09:29},
  priority = {0},
  title = {{Three Hybrid Classifiers for the Detection of Emotions in Suicide Notes.}},
  url = {http://dx.doi.org/10.4137/BII.S8967},
  volume = {5},
  year = {2012},
  annote={Research giving an insight into sentiment analysis techniques using multiple output categories rather than just
  binary classification.}
}

@InProceedings{athar-teufel:2012:DSSD,
  author    = {Athar, Awais  and  Teufel, Simone},
  title     = {Detection of Implicit Citations for Sentiment Detection},
  booktitle = {Proceedings of the Workshop on Detecting Structure in
    Scholarly Discourse},
  month     = {July},
  year      = {2012},
  address   = {Jeju Island, Korea},
  publisher = {Association for Computational Linguistics},
  pages     = {18--26},
  url       = {http://www.aclweb.org/anthology/W12-4303},
  annote={This paper showed how sentiment analysis can be used to detect how
    the author feels about the work they linked to. This research is relevant to
    my work as I will be using sentiment analysis to decide if a paper had a
    positive or negative outcome.}
}

@misc{pdfminer,
 title={Programming with PDFMiner},
 author={Yusuke Shinyama},
 year={2011},
 howpublished={\url{}},
 annote={Brief instruction manual for PDFMiner toolkit, explains how the library extracts text from documents}  
}

@InProceedings{Townsend2009,
  author = {Townsend, Joseph and Downing, Jim and Murray-Rust, Peter},
  booktitle = {2009 Fifth IEEE International Conference on e-Science},
  citeulike-article-id = {7018403},
  citeulike-linkout-0 = {http://dx.doi.org/10.1109/e-Science.2009.54},
  citeulike-linkout-1 = {http://ieeexplore.ieee.org/xpls/abs\_all.jsp?arnumber=5380847},
  doi = {10.1109/e-Science.2009.54},
  isbn = {978-1-4244-5340-5},
  keywords = {automatic-semantification, chic, cml, oclcml, rdf, scixml, text-mining},
  location = {Oxford, United Kingdom},
  month = dec,
  pages = {337--343},
  pdf = {file:///H:/publications/Townsend2009.pdf},
  posted-at = {2012-10-16 16:22:55},
  priority = {2},
  publisher = {IEEE},
  title = {{CHIC - Converting Hamburgers into Cows}},
  url = {http://dx.doi.org/10.1109/e-Science.2009.54},
  year = {2009},
  annote={This paper discussed the automatic conversion of PDF papers to the SciXML format. 
    I was able to use it to get some idea of how automated PDF conversion could be carried out
    and I was able to write a PDF to SciXML converter with the help of the pyPdf library.}
}

@article{beck2001agile,
  title={The agile manifesto},
  author={Beck, K. and Beedle, M. and van Bennekum, A. and Cockburn, A. and Cunningham, W. and Fowler, M. and Grenning, J. and Highsmith, J. and Hunt, A. and Jeffries, R. and others},
  journal={http://www. agilemanifesto.org/principles.html},
  volume={7},
  number={08},
  pages={2009},
  year={2001},
  annote={Original paper/manifesto discussing agile software development}
}


@ARTICLE{Boehm1988,
author={Boehm, B. W.},
journal={Computer}, title={A spiral model of software development and enhancement},
year={1988},
month={may },
volume={21},
number={5},
pages={61 -72},
keywords={enhancement;risk-driven approach;software development;software process models;spiral model;software engineering;},
doi={10.1109/2.59},
ISSN={0018-9162},
annote={Article explaining the spiral software development model and discussing why the waterfall doesn't work very well}
}

@inproceedings{Royce:1987:MDL:41765.41801,
 author = {Royce, W. W.},
 title = {Managing the development of large software systems: concepts and techniques},
 booktitle = {Proceedings of the 9th international conference on Software Engineering},
 series = {ICSE '87},
 year = {1987},
 isbn = {0-89791-216-0},
 location = {Monterey, California, United States},
 pages = {328--338},
 numpages = {11},
 url = {http://dl.acm.org/citation.cfm?id=41765.41801},
 acmid = {41801},
 publisher = {IEEE Computer Society Press},
 address = {Los Alamitos, CA, USA},
 annote={This is the first paper that introduces a formal waterfall method. It
 is used show how waterfall can be used to make large software projects more
 viable}
} 



@misc{CRFsuite,
  author = {Naoaki Okazaki},
  title = {CRFsuite: a fast implementation of Conditional Random Fields
    (CRFs)},
  url = {http://www.chokkan.org/software/crfsuite/},
  year = {2007}
}

@inproceedings{citeulike:11288938,
  author = {Mason, J. E. and Shepherd, M. and Duffy, J.},
  booktitle = {System Sciences, 2009. HICSS \&\#039;09. 42nd Hawaii
    International Conference on},
  doi = {10.1109/HICSS.2009.68},
  isbn = {978-0-7695-3450-3},
  issn = {1530-1605},
  keywords = {based, classification, genre, n-gram, web},
  month = jan,
  pages = {1--10},
  posted-at = {2012-10-17 22:59:00},
  priority = {4},
  publisher = {IEEE},
  title = {{An N-GramBased Approach to Automatically Identifying Web Page Genre}},
  url = {http://dx.doi.org/10.1109/HICSS.2009.68},
  year = {2009},
  annote={This paper discusses classification of web page content and has a lot
  of useful information on how to use n-grams in an NLP application.}
}

@inproceedings{Wilson05Polarity,
    address = {Stroudsburg, PA, USA},
    author = {Wilson, Theresa and Wiebe, Janyce and Hoffmann, Paul},
    booktitle = {Proceedings of the conference on Human Language Technology and Empirical Methods in Natural Language Processing},
    citeulike-article-id = {3506484},
    citeulike-linkout-0 = {http://acl.ldc.upenn.edu/H/H05/H05-1044.pdf},
    citeulike-linkout-1 = {http://portal.acm.org/citation.cfm?id=1220619},
    citeulike-linkout-2 = {http://dx.doi.org/10.3115/1220575.1220619},
    doi = {10.3115/1220575.1220619},
    keywords = {sentiment},
    location = {Vancouver, British Columbia, Canada},
    pages = {347--354},
    posted-at = {2012-10-18 14:20:53},
    priority = {0},
    publisher = {Association for Computational Linguistics},
    series = {HLT '05},
    title = {{Recognizing contextual polarity in phrase-level sentiment analysis}},
    url = {http://acl.ldc.upenn.edu/H/H05/H05-1044.pdf},
    year = {2005},
    annote={This paper discusses the best features for classifying the polarity
    of a phrase within the context of a machine learning NLP system.}
}

@article{citeulike:10444769,
    author = {Liakata, Maria and Saha, Shyamasree and Dobnik, Simon and Batchelor, Colin and Rebholz-Schuhmann, Dietrich},
    citeulike-article-id = {10444769},
    citeulike-linkout-0 = {http://dx.doi.org/10.1093/bioinformatics/bts071},
    citeulike-linkout-1 = {http://bioinformatics.oxfordjournals.org/content/early/2012/02/07/bioinformatics.bts071.abstract},
    citeulike-linkout-2 = {http://bioinformatics.oxfordjournals.org/content/early/2012/02/07/bioinformatics.bts071.full.pdf},
    citeulike-linkout-3 = {http://view.ncbi.nlm.nih.gov/pubmed/22321698},
    citeulike-linkout-4 = {http://www.hubmed.org/display.cgi?uids=22321698},
    day = {01},
    doi = {10.1093/bioinformatics/bts071},
    issn = {1460-2059},
    journal = {Bioinformatics},
    month = apr,
    number = {7},
    pages = {991--1000},
    pmid = {22321698},
    posted-at = {2012-04-06 14:02:07},
    priority = {2},
    publisher = {Oxford University Press},
    title = {{Automatic recognition of conceptualization zones in scientific articles and two life science applications}},
    url = {http://dx.doi.org/10.1093/bioinformatics/bts071},
    volume = {28},
    year = {2012},
    annote={This is Maria's key paper on SAPIENTA. It discusses some approaches
    her and her team took to annotating CoreSC in papers and how the system works}
}

@book{Krug:2005:DMM:1051204,
 author = {Krug, Steve},
 title = {Don't Make Me Think: A Common Sense Approach to the Web (2nd Edition)},
 year = {2005},
 isbn = {0321344758},
 publisher = {New Riders Publishing},
 address = {Thousand Oaks, CA, USA},
 annote={This book provided some insights into how humans use the internet and
 some inspiration as to how Partridge could emulate this behaviour.}
} 

@article{liakataART,
  author={Liakata M. and Soldatova L},
  title={The ART Corpus},
  howpublished={\url{http://hdl.handle.net/2160/1979}},
  publisher={Aberystwyth University},
  year={2009},
  annote={Technical document detailing the ART corpus and how it could be used}
}

@article{liddy2001natural,
  title={Natural language processing},
  booktitle={Encyclopedia of Library and Information Science},
  edition={2nd},
  publisher={Decker, Inc.},
  city={New York},
  author={Liddy, E.D.},
  year={2001},
  annote={In her encyclopedia entry, Liddy defines natural language processing
  and the components that make it up. This was used as a basis for some of
  Partridge's literature review.}
}

