%Bibliography for Outline Project Specification

@misc{ svm_analysis_kessler,
  title={Support Vector Machines and Kernel Methods in Sentiment Analysis},
  author = {Wiltrud Kessler},
  howpublished={\url{http://www.ims.uni-stuttgart.de/~kesslewd/lehre/sentimentanalysis11s/sentiment_svm_kernels.pdf}},
  year={2011},
  note = {Accessed: 14/10/2012},
  annote={This presentation discusses the use of Support Vector Machine learning 
    techniques for machine learning. I was referred to this presentation as a
      potential mechanism for classification of papers}
}

@article{harnad2004comparing,
  title={Comparing the impact of open access (OA) vs. non-OA articles in the same journals},
  author={Harnad, S. and Brody, T.},
  journal={D-lib Magazine},
  volume={10},
  number={6},
  year={2004},
  annote={This paper observed that the popularity of Open Access articles is
    growing year by year - and so is awareness and visibility of OA.}
}


@article{Berghel1997,
  address = {New York, NY, USA},
  author = {Berghel, Hal},
  citeulike-article-id = {3374476},
  citeulike-linkout-0 =  {http://portal.acm.org/citation.cfm?id=253671.253680},
  citeulike-linkout-1 =  {http://dx.doi.org/10.1145/253671.253680},
  doi = {10.1145/253671.253680},
  issn = {0001-0782},
  journal = {Commun. ACM},
  keywords = {information, overload},
  month = {February},
  number = {2},
  pages = {19--24},
  posted-at = {2012-11-10 12:31:07},
  priority = {0},
  publisher = {ACM},
  title =  {{Cyberspace 2000: Dealing With Information Overload}},
  url =  {http://dx.doi.org/10.1145/253671.253680},
  volume = {40},
  year = {1997},
  annote={Paper presented in the ACM explaining 'information overload' and a
    summary of the shortfalls of modern search engines in information retrieval.}
}


@misc{bjork2009,
  author={Bj\"{o}rk, B-C. and Roos, A. and Lauri, M. },
  year=2009,
  howpublished={\url{http://InformationR.net/ir/14-1/paper391.html]}},
  title={{Scientific journal publishing: yearly volume and open access
    availability}},
  booktitle={{Information Research}},
  annote={This paper provided some insight into the growing area of online
    paper publishing and provided some figures on how many papers are published
      annually (or were in 2006).}
}

@misc{Suber2012,
  author={Suber, P},
  year={2012},
  month={October},
  title={{Open Access Overview}},
  howpublished={\url{http://www.earlham.edu/~peters/fos/overview.htm}},
  annote={This article gives a brief overview of Open Access publishing, what
    its about and how it works.}
}

@inproceedings{citeulike:5663523,
  address = {Morristown, NJ, USA},
  author = {Liakata, Maria and Claire, Q. and Soldatova, Larisa N.},
  booktitle = {BioNLP '09: Proceedings of the Workshop on BioNLP},
  citeulike-article-id = {5663523},
  citeulike-linkout-0 = {http://portal.acm.org/citation.cfm?id=1572364.1572391},
  isbn = {978-1-932432-30-5},
  keywords = {master-thesis},
  location = {Boulder, Colorado},
  pages = {193--200},
  posted-at = {2009-08-28 15:02:43},
  priority = {2},
  publisher = {Association for Computational Linguistics},
  title = {{Semantic annotation of papers: interface \& enrichment tool (SAPIENT)}},
  url = {http://portal.acm.org/citation.cfm?id=1572364.1572391},
  year = {2009},
  annote={This paper explains Maria's work on the SAPIENT project which I am
    hoping to use to help Partridge classify sections of papers during
      analysis.}
}

@article{citeulike:11077287,
  author = {Liakata, Maria and Kim, Jee-Hyub H. and Saha, Shyamasree and Hastings, Janna and Rebholz-Schuhmann, Dietrich},
  citeulike-article-id = {11077287},
  citeulike-linkout-0 = {http://dx.doi.org/10.4137/BII.S8967},
  citeulike-linkout-1 = {http://www.ncbi.nlm.nih.gov/pmc/articles/PMC3409474/},
  citeulike-linkout-2 = {http://view.ncbi.nlm.nih.gov/pubmed/22879774},
  citeulike-linkout-3 = {http://www.hubmed.org/display.cgi?uids=22879774},
  doi = {10.4137/BII.S8967},
  issn = {1178-2226},
  journal = {Biomedical informatics insights},
  keywords = {staffpaper},
  number = {Suppl. 1},
  pages = {175--184},
  pmcid = {PMC3409474},
  pmid = {22879774},
  posted-at = {2012-10-15 11:09:29},
  priority = {0},
  title = {{Three Hybrid Classifiers for the Detection of Emotions in Suicide Notes.}},
  url = {http://dx.doi.org/10.4137/BII.S8967},
  volume = {5},
  year = {2012}
}

@InProceedings{athar-teufel:2012:DSSD,
  author    = {Athar, Awais  and  Teufel, Simone},
  title     = {Detection of Implicit Citations for Sentiment Detection},
  booktitle = {Proceedings of the Workshop on Detecting Structure in
    Scholarly Discourse},
  month     = {July},
  year      = {2012},
  address   = {Jeju Island, Korea},
  publisher = {Association for Computational Linguistics},
  pages     = {18--26},
  url       = {http://www.aclweb.org/anthology/W12-4303},
  annote="{This paper showed how sentiment analysis can be used to detect how
    the author feels about the work they linked to. This research is relevant to
    my work as I will be using sentiment analysis to decide if a paper had a
    positive or negative outcome.}"
}

@InProceedings{Townsend2009,
  author = {Townsend, Joseph and Downing, Jim and Murray-Rust, Peter},
  booktitle = {2009 Fifth IEEE International Conference on e-Science},
  citeulike-article-id = {7018403},
  citeulike-linkout-0 = {http://dx.doi.org/10.1109/e-Science.2009.54},
  citeulike-linkout-1 = {http://ieeexplore.ieee.org/xpls/abs\_all.jsp?arnumber=5380847},
  doi = {10.1109/e-Science.2009.54},
  isbn = {978-1-4244-5340-5},
  keywords = {automatic-semantification, chic, cml, oclcml, rdf, scixml, text-mining},
  location = {Oxford, United Kingdom},
  month = dec,
  pages = {337--343},
  pdf = {file:///H:/publications/Townsend2009.pdf},
  posted-at = {2012-10-16 16:22:55},
  priority = {2},
  publisher = {IEEE},
  title = {{CHIC - Converting Hamburgers into Cows}},
  url = {http://dx.doi.org/10.1109/e-Science.2009.54},
  year = {2009},
  annote="{This paper discussed the automatic conversion of PDF papers to the SciXML format. 
    I was able to use it to get some idea of how automated PDF conversion could be carried out
    and I was able to write a PDF to SciXML converter with the help of the pyPdf library.}"
}

@misc{CRFsuite,
  author = {Naoaki Okazaki},
  title = {CRFsuite: a fast implementation of Conditional Random Fields
    (CRFs)},
  url = {http://www.chokkan.org/software/crfsuite/},
  year = {2007}
}

@inproceedings{citeulike:11288938,
  author = {Mason, J. E. and Shepherd, M. and Duffy, J.},
  booktitle = {System Sciences, 2009. HICSS \&\#039;09. 42nd Hawaii
    International Conference on},
  doi = {10.1109/HICSS.2009.68},
  isbn = {978-0-7695-3450-3},
  issn = {1530-1605},
  keywords = {based, classification, genre, n-gram, web},
  month = jan,
  pages = {1--10},
  posted-at = {2012-10-17 22:59:00},
  priority = {4},
  publisher = {IEEE},
  title = {{An N-GramBased Approach to Automatically Identifying Web Page Genre}},
  url = {http://dx.doi.org/10.1109/HICSS.2009.68},
  year = {2009},
  annote={This paper discusses classification of web page content and has a lot
  of useful information on how to use n-grams in an NLP application.}
}

@inproceedings{Wilson05Polarity,
    address = {Stroudsburg, PA, USA},
    author = {Wilson, Theresa and Wiebe, Janyce and Hoffmann, Paul},
    booktitle = {Proceedings of the conference on Human Language Technology and Empirical Methods in Natural Language Processing},
    citeulike-article-id = {3506484},
    citeulike-linkout-0 = {http://acl.ldc.upenn.edu/H/H05/H05-1044.pdf},
    citeulike-linkout-1 = {http://portal.acm.org/citation.cfm?id=1220619},
    citeulike-linkout-2 = {http://dx.doi.org/10.3115/1220575.1220619},
    doi = {10.3115/1220575.1220619},
    keywords = {sentiment},
    location = {Vancouver, British Columbia, Canada},
    pages = {347--354},
    posted-at = {2012-10-18 14:20:53},
    priority = {0},
    publisher = {Association for Computational Linguistics},
    series = {HLT '05},
    title = {{Recognizing contextual polarity in phrase-level sentiment analysis}},
    url = {http://acl.ldc.upenn.edu/H/H05/H05-1044.pdf},
    year = {2005},
    annote={This paper discusses the best features for classifying the polarity
    of a phrase within the context of a machine learning NLP system.}
}

@article{citeulike:10444769,
    author = {Liakata, Maria and Saha, Shyamasree and Dobnik, Simon and Batchelor, Colin and Rebholz-Schuhmann, Dietrich},
    citeulike-article-id = {10444769},
    citeulike-linkout-0 = {http://dx.doi.org/10.1093/bioinformatics/bts071},
    citeulike-linkout-1 = {http://bioinformatics.oxfordjournals.org/content/early/2012/02/07/bioinformatics.bts071.abstract},
    citeulike-linkout-2 = {http://bioinformatics.oxfordjournals.org/content/early/2012/02/07/bioinformatics.bts071.full.pdf},
    citeulike-linkout-3 = {http://view.ncbi.nlm.nih.gov/pubmed/22321698},
    citeulike-linkout-4 = {http://www.hubmed.org/display.cgi?uids=22321698},
    day = {01},
    doi = {10.1093/bioinformatics/bts071},
    issn = {1460-2059},
    journal = {Bioinformatics},
    month = apr,
    number = {7},
    pages = {991--1000},
    pmid = {22321698},
    posted-at = {2012-04-06 14:02:07},
    priority = {2},
    publisher = {Oxford University Press},
    title = {{Automatic recognition of conceptualization zones in scientific articles and two life science applications}},
    url = {http://dx.doi.org/10.1093/bioinformatics/bts071},
    volume = {28},
    year = {2012},
    annote={This is Maria's key paper on SAPIENTA. It discusses some approaches
    her and her team took to annotating CoreSC in papers and how the system works}
}


