%Bibliography for IBM IY report

@misc{ SunsetSymphony,
       author = {Steven J. Vaughan-Nichols},
       title = {{IBM to close down Symphony, its OpenOffice fork}},
       year = {2012},
       howpublished = "\url{http://www.zdnet.com/blog/open-source/ibm-to-close-down-symphony-its-openoffice-fork/10231}",
    }
    
@misc{ x3270Site,
  author = {Paul Mattes},
  title={{x3270}},
  howpublished = "\url{http://x3270.bgp.nu/}"
}

@misc{cicsJava,
  title={{Java in CICS: The Inevitable Future}},
  author = {Ivan Hargreaves},
  howpublished = "\url{http://enterprisesystemsmedia.com/article/java-in-cics-the-inevitable-future}"
}

@book{ Communities,
  title={{Situated Learning: Legitimate Peripheral Learning}},
  author = {Lav\'{e}, J. and Wenger, E.},
  year   = {1991},
  publisher = {Cambridge University Press}
}

@article{ SocialKnowing,
  title={{The Art of Knowing: Social and Tacit Dimensions of Knowledge and the Limits of the Community of Practice}},
  author = {Duguid, P.} 
  year = {2005}
  journal={THe Information Society}
  year={2005}
}